<?xml version="1.0" encoding="UTF-8"?><collection xmlns="http://www.loc.gov/MARC21/slim"><record><leader>00455nam--2200145-i-4500</leader><controlfield tag="001">000047699</controlfield><controlfield tag="002">20161230</controlfield><controlfield tag="005">20161230201046</controlfield><controlfield tag="008">060222s1000------------r-----000-0-eng-d</controlfield><datafield ind1=" " ind2=" " tag="080"><subfield code="a">027</subfield></datafield><datafield ind1=" " ind2=" " tag="100"><subfield code="a">Whithers,F.N</subfield></datafield><datafield ind1=" " ind2=" " tag="245"><subfield code="a">Normes pour l`etablissement des services de bibliotheque:enquete internationale</subfield></datafield><datafield ind1=" " ind2=" " tag="260"><subfield code="a">Paris, Les Presses De L`Unesco, 1975. 485 P</subfield></datafield><datafield ind1=" " ind2=" " tag="490"><subfield code="a">Documentation, Bibliotheques Et Archives. Etudes Et Recherches</subfield></datafield><datafield ind1=" " ind2=" " tag="852"><subfield code="a">43049</subfield></datafield></record></collection>